https://www.douban.com/note/723270004/
http://germanforenglishspeakers.com/
https://zhuanlan.zhihu.com/p/45751260
梁老师的德语世界（deyushijie）

https://deutschegrammatik20.de/
https://dict.leo.org/grammatik/deutsch


https://german.net/exercises/sentences/
http://www.dartmouth.edu/~deutsch/Grammatik/Grammatik.html
https://language-easy.org/german/grammar/sentences/
https://deutsch.info/grammar/syntax

https://www.german-grammar.de/grammar/content/english_german_table_of_content.htm
https://deutsch.lingolia.com/en/grammar/sentence-structure

https://second.wiki/wiki/feldermodell_des_deutschen_satzes
https://www.deutsch-als-fremdsprache.de/syntax/Satzklammer3.html